# 在此直接复制GB/T 7714－2015 bib条目，第一行内容为在正文引用\cite{}的关键词
# 推荐使用百度学术生成GB/T 7714－2015 bib条目




@misc{ enwiki:1084791620,
    author = "{Wikipedia contributors}",
    title = "Artificial intelligence --- {Wikipedia}{,} The Free Encyclopedia",
    year = "2022",
    howpublished = "\url{https://en.wikipedia.org/w/index.php?title=Artificial_intelligence&oldid=1084791620}",
    note = "[Online; accessed 27-April-2022]"
}

@article{AI:winter,
  title={Artificial intelligence: a modern approach},
  author={Russell, Stuart and Norvig, Peter},
  year={2002}
}

@misc{ AI:spring,
    author = "{Wikipedia contributors}",
    title = "Fifth Generation Computer Systems --- {Wikipedia}{,} The Free Encyclopedia",
    year = "2022",
    howpublished = "\url{https://en.wikipedia.org/w/index.php?title=Fifth_Generation_Computer_Systems&oldid=1082902014}",
    note = "[Online; accessed 27-April-2022]"
  }

@misc{ AI:found,
  author = "{Wikipedia contributors}",
  title = "History of artificial intelligence --- {Wikipedia}{,} The Free Encyclopedia",
  year = "2022",
  howpublished = "\url{https://en.wikipedia.org/w/index.php?title=History_of_artificial_intelligence&oldid=1084929614}",
  note = "[Online; accessed 27-April-2022]"
}